@misc{buterin14,
  author = {Vitalik Buterin},
  title = {Ethereum: A next-generation smart contract and decentralized application platform},
  year = {2014},
  howpublished = {\url{https://github.com/ethereum/wiki/wiki/White-Paper}},
  note = {Accessed: 2020-01-03},
  url = {https://github.com/ethereum/wiki/wiki/White-Paper},
}

@misc{nakamoto08,
  author = {Satoshi Nakamoto},
  title = {Bitcoin: A Peer-to-Peer Electronic Cash System},
  year = {2008},
  month = {Dec},
  howpublished = {\url{https://bitcoin.org/bitcoin.pdf}},
  note = {Accessed: 2020-01-03},
  url = {https://bitcoin.org/bitcoin.pdf},
}

